Untuk setiap referensi, baris pertama (Newton1687) merupakan label dan baris-baris berikutnya
merupakan atribut dari referensi yang akan digunakan. Umumnya, format referensi berikut sudah
disediakan oleh penyedia sumber referensi secara online dan bisa langsung digunakan di sini.

Lihat https://www.bibtex.com/g/bibtex-format/ untuk informasi lebih lanjut mengenai format
BibTex yang digunakan pada file ini.


@article{Newton1687,
  author  = {I. {Newton}},
  journal = {Philosophiæ Naturalis Principia Mathematica},
  title   = {Axioms or Laws of Motion},
  year    = {1687}
}

@misc{SpaceXBlueprint,
  title   = {Space X Blueprint},
  year    = 2021,
  url     = {https://id.pinterest.com/pin/344032859037191430/},
  urldate = {2021-01-26}
}

@misc{muhammad2020penjadwalan,
  title={PENJADWALAN PERKULIAHAN MENGGUNAKAN ALGORITMA GENETIKA DI JURUSAN TEKNIK ELEKTRO UNIVERSITAS MATARAM},
  author={Muhammad, Dzaky Al Munir Asri},
  year={2020},
  school={Universitas Mataram}
}
@misc{JMASIF2649,
    author = {Riza Arifudin},
    title = {OPTIMASI PENJADWALAN PROYEK DENGAN PENYEIMBANGAN BIAYA MENGGUNAKAN KOMBINASI CPM DAN ALGORITMA GENETIKA},
    journal = {JURNAL MASYARAKAT INFORMATIKA},
  volume = {2},
    number = {4},
    year = {2012},   
   pages = {1-14},  
   doi = {10.14710/jmasif.2.4.2649}
}

@phdthesis{prasetya2017penjadwalan,
  title={Penjadwalan Fleksibel Flowshop Dengan Menggunakan Algoritma Long Processing Time-ln Untuk Minimasi Biaya Energi (Studi Kasus PT. SINARAYA NUGRAHA AHMADARIS MEDIKA)},
  author={PRASETYA, NURDI EKA},
  year={2017},
  school={University of Muhammadiyah Malang}
}

@article{saud2017sistem,
  title={Sistem Penjadwalan Perkuliahan Menggunakan Algoritma Genetika (Studi Kasus Pada Jurusan Teknologi Informasi Fakultas Teknik Universitas Tadulako)},
  author={Saud, AT and Nugraha, Deny Wiria and Dodu, AY Erwin},
  journal={Jurnal Ilmiah Matematika Dan Terapan},
  volume={14},
  number={2},
  pages={242--255},
  year={2017},
  publisher={Program Studi Matematika, Universitas Tadulako}
}

@article{Alam_Qamar_Dixit_Benaida_2020,
  title        = {Genetic Algorithm: Reviews, Implementations, and Applications},
  volume       = {10},
  url          = {https://online-journals.org/index.php/i-jep/article/view/14567},
  doi          = {10.3991/ijep.v10i6.14567},
  abstractnote = {Nowadays genetic algorithm (GA) is greatly used in engineering pedagogy as adaptive technology to learn and solve complex problems and issues. It is a meta-heuristic approach that is used to solve hybrid computation challenges. GA utilizes selection, crossover, and mutation operators to effectively manage the searching system strategy. This algorithm is derived from natural selection and genetics concepts. GA is an intelligent use of random search supported with historical data to contribute the search in an area of the improved outcome within a coverage framework. Such algorithms are widely used for maintaining high-quality reactions to optimize issues and problems investigation. These techniques are recognized to be somewhat of a statistical investigation process to search for a suitable solution or prevent an accurate strategy for challenges in optimization or searches. These techniques have been produced from natural selection or genetics principles. For random testing, historical information is provided with intelligent enslavement to continue moving the search out from the area of improved features for processing of the outcomes. It is a category of heuristics of evolutionary history using behavioral science-influenced methods like an annuity, gene, preference, or combination (sometimes refers to as hybridization). This method seemed to be a valuable tool to find solutions for problems optimization. In this paper, the author has explored the GAs, its role in engineering pedagogies, and the emerging areas where it is using, and its implementation.},
  number       = {6},
  journal      = {International Journal of Engineering Pedagogy (iJEP)},
  author       = {Alam, Tanweer and Qamar, Shamimul and Dixit, Amit and Benaida, Mohamed},
  year         = {2020},
  month        = {Dec.},
  pages        = {pp. 57–77}
}

@inproceedings{9406539,
  author    = {Alnowaini, Ghazi and Aljomai, Amjad Abdullah},
  booktitle = {2021 International Conference of Technology, Science and Administration (ICTSA)},
  title     = {Genetic Algorithm For Solving University Course Timetabling Problem Using Dynamic Chromosomes},
  year      = {2021},
  volume    = {},
  number    = {},
  pages     = {1-6},
  doi       = {10.1109/ICTSA52017.2021.9406539}
}

@article{Katoch2020,
  doi = {10.1007/s11042-020-10139-6},
  url = {https://doi.org/10.1007/s11042-020-10139-6},
  year = {2020},
  month = oct,
  publisher = {Springer Science and Business Media {LLC}},
  volume = {80},
  number = {5},
  pages = {8091--8126},
  author = {Sourabh Katoch and Sumit Singh Chauhan and Vijay Kumar},
  title = {A review on genetic algorithm: past,  present,  and future},
  journal = {Multimedia Tools and Applications}
}

@article{Mone2021,
  doi = {10.30598/barekengvol15iss4pp615-628},
  url = {https://doi.org/10.30598/barekengvol15iss4pp615-628},
  year = {2021},
  month = dec,
  publisher = {Universitas Pattimura},
  volume = {15},
  number = {4},
  pages = {615--628},
  author = {Ferdinandus Mone and Justin Eduardo Simarmata},
  title = {{APLIKASI} {ALGORITMA} {GENETIKA} {DALAM} {PENJADWALAN} {MATA} {KULIAH}},
  journal = {{BAREKENG}: Jurnal Ilmu Matematika dan Terapan}
}

@article{Ardiansyah2022,
  doi = {10.30865/mib.v6i1.3418},
  url = {https://doi.org/10.30865/mib.v6i1.3418},
  year = {2022},
  month = jan,
  publisher = {{STMIK} Budi Darma},
  volume = {6},
  number = {1},
  pages = {329},
  author = {Hendri Ardiansyah and Mochammad Bagoes Satria Junianto},
  title = {Penerapan Algoritma Genetika untuk Penjadwalan Mata Pelajaran},
  journal = {{JURNAL} {MEDIA} {INFORMATIKA} {BUDIDARMA}}
}


@article{Mauluddin2018,
  doi = {10.29207/resti.v2i3.597},
  url = {https://doi.org/10.29207/resti.v2i3.597},
  year = {2018},
  month = dec,
  publisher = {Ikatan Ahli Informatika Indonesia ({IAII})},
  volume = {2},
  number = {3},
  pages = {792--799},
  author = {Syahrul Mauluddin and Iskandar Ikbal and Agus Nursikuwagus},
  title = {Optimasi Aplikasi Penjadwalan Kuliah  Menggunakan Algoritma Genetik},
  journal = {Jurnal {RESTI} (Rekayasa Sistem dan Teknologi Informasi)}
}

@article{ramadhani2021perancangan,
  title={PERANCANGAN SISTEM INFORMASI PENJADWALAN MATA KULIAH MENGGUNAKAN ALGORITMA GENETIKA BERBASIS WEB},
  author={Ramadhani, Fitriani Dwi and Rahman, Kirey Karmila Abdul and Rafi, Mokhamad Yusron and Salamah, Umi and Rosyani, Perani and Kom, S and Kom, M},
  journal={JATIMIKA: Jurnal Kreativitas Mahasiswa Informatika},
  volume={1},
  number={3},
  year={2021}
}

@article{Sari2019,
  doi = {10.25126/jtiik.2019611262},
  url = {https://doi.org/10.25126/jtiik.2019611262},
  year = {2019},
  month = jan,
  publisher = {Fakultas Ilmu Komputer Universitas Brawijaya},
  volume = {6},
  number = {1},
  pages = {85},
  author = {Yuslena Sari and Muhammad Alkaff and Eka Setya Wijaya and Syarifah Soraya and Dany Primanita Kartikasari},
  title = {Optimasi Penjadwalan Mata Kuliah Menggunakan Metode Algoritma Genetika dengan Teknik Tournament Selection},
  journal = {Jurnal Teknologi Informasi dan Ilmu Komputer}
}

@misc{binusAlgoritmaGenetika,
	author = {Suharjito},
	title = {{A}lgoritma {G}enetika dengan {P}ython --- onlinelearning.binus.ac.id},
	howpublished = {\url{https://onlinelearning.binus.ac.id/computer-science/post/algoritma-genetika-dengan-python }},
	year = {2021},
	note = {[Accessed 22-Oct-2022]},
}

